<?xml version="1.0" encoding="UTF-8"?><collection xmlns="http://www.loc.gov/MARC21/slim"><record><leader>00504nam--2200217-u-4500</leader><controlfield tag="001">000050297</controlfield><controlfield tag="002">20161230</controlfield><controlfield tag="003">80275</controlfield><controlfield tag="005">20161230201048</controlfield><controlfield tag="008">060511s1000------------r-----000-0-eng-d</controlfield><datafield ind1=" " ind2=" " tag="020"><subfield code="a">0-19-853954-1</subfield></datafield><datafield ind1=" " ind2=" " tag="040"><subfield code="a">IFIN-HH</subfield></datafield><datafield ind1=" " ind2=" " tag="041"><subfield code="a">eng</subfield></datafield><datafield ind1=" " ind2=" " tag="080"><subfield code="a">517.957</subfield></datafield><datafield ind1="1" ind2=" " tag="100"><subfield code="a">Mullin, Tom</subfield></datafield><datafield ind1="1" ind2="0" tag="245"><subfield code="a">The Nature of Chaos</subfield><subfield code="c">Tom Mullin (ed.)</subfield></datafield><datafield ind1=" " ind2=" " tag="260"><subfield code="a">Oxford</subfield><subfield code="b">Clarendon Press</subfield><subfield code="c">1993</subfield></datafield><datafield ind1=" " ind2=" " tag="300"><subfield code="a">314 p</subfield></datafield><datafield ind1=" " ind2="4" tag="650"><subfield code="a">Chaos</subfield></datafield><datafield ind1=" " ind2=" " tag="852"><subfield code="a">80275</subfield><subfield code="c">517.9</subfield></datafield><datafield ind1=" " ind2=" " tag="CAT"><subfield code="a">Sys</subfield><subfield code="c">20090603</subfield><subfield code="h">111721</subfield></datafield></record></collection>